3586 5754
343 599 405 665 136
810 598 1022 661 susumus
1068 599 1220 682 [sae-541
1237 623 1498 669 arreums-nou.

341 767 398 835 the
412 767 495 834 181111
510 790 546 835 or
559 767 646 855 prize
660 770 709 833 eet
720 765 821 834 above
835 766 886 833 his
901 766 1007 848 own‚''
1021 768 1217 859 Conington.
1241 771 1311 856 Ali,
1322 773 1499 859 asIthinh,

341 881 558 968 erroneously.
604 880 747 946 Honores
768 880 797 946 is
817 880 946 947 nottho
964 881 1062 969 thing
1084 884 1209 965 envied,
1232 884 1292 952 but
1311 886 1367 955 the
1382 910 1500 973 person

341 994 465 1061 envied.
511 993 653 1060 Honom
671 994 699 1059 is
712 991 856 1074 Acestes,
879 995 983 1061 called
1003 995 1164 1063 “honos''
1180 1020 1223 1066 on
1245 1005 1380 1068 account
1400 1003 1435 1067 cf
1448 1002 1499 1069 his

340 1106 475 1188 honour,
490 1106 542 1174 his
559 1107 652 1188 rank,
673 1105 725 1173 his
739 1107 882 1194 dignity,
901 1107 971 1194 just
985 1131 1021 1174 as
1034 1108 1063 1175 ii
1073 1108 1183 1198 Virgil
1196 1111 1263 1179 had
1277 1114 1347 1180 said
1355 1119 1498 1197 praelato

339 1221 479 1301 Acestae,
502 1244 538 1286 cr
546 1223 687 1303 precato
707 1223 780 1303 regi.
826 1218 908 1286 Itis
922 1220 978 1286 the
1000 1223 1095 1288 usual
1108 1224 1213 1310 poetic
1234 1224 1503 1295 substitutiones

340 1332 397 1399 the
418 1331 557 1400 ahstrect
571 1332 623 1400 ior
636 1331 692 1399 the
715 1336 870 1414 concrete,
886 1334 1015 1419 exectly
1030 1357 1065 1400 as
1079 1334 1161 1403 Stat.
1180 1338 1255 1405 Sile.
1271 1342 1303 1405 1.
1320 1343 1351 1407 2.
1368 1344 1432 1407 229
1447 1341 1499 1426 (cf

340 1444 397 1512 the
411 1446 571 1534 marriage
586 1446 621 1512 oi
635 1444 738 1511 Stella
752 1446 818 1511 and
832 1443 1038 1530 Violentilla)
1055 1470 1063 1513 :

569 1620 586 1646 ‘⁴
597 1617 702 1669 vixdum
713 1617 802 1669 emissa
812 1616 874 1682 dies,
888 1623 914 1670 et
924 1618 976 1670 iam
986 1618 1088 1672 socialia
1098 1626 1197 1686 praesto

597 1708 689 1771 omina,
702 1707 753 1759 iam
763 1709 829 1760 festa
838 1708 921 1762 fervet
931 1711 1019 1761 domus
1029 1715 1136 1778 utraque
1147 1728 1251 1777 pompa:

597 1800 686 1854 fronde
697 1800 780 1851 virent
790 1786 896 1864 postesf
905 1800 1028 1867 effulgent
1039 1802 1147 1868 compita
1158 1804 1272 1869 flammis,

599 1896 625 1942 et
635 1907 691 1956 pars
701 1890 836 1942 immensae
847 1892 940 1956 gaudet
950 1891 1108 1944 celeberrima
1120 1893 1221 1945 Romae.

599 1983 676 2031 omnis
686 1982 766 2044 honos,
779 1981 864 2032 cuncti
875 1981 980 2033 veniunt
991 1984 1023 2033 ad
1034 1982 1122 2034 limina
1132 1983 1227 2035 fasces:

598 2071 677 2124 omnis
688 2072 785 2138 plebeio
795 2073 884 2124 teritur
893 2079 1024 2138 praetexta
1033 2074 1175 2139 tumultu,'’

340 2215 447 2282 where
471 2216 608 2283 “omnis
629 2215 761 2283 hcncs’'
786 2217 814 2281 is
839 2216 1025 2302 equivalent
1048 2221 1083 2284 tc
1106 2240 1235 2286 omnes
1260 2220 1495 2310 dignitates,

340 2331 405 2409 te,
426 2329 471 2394 811
484 2327 541 2395 the
560 2328 761 2416 digniteriee,
784 2327 829 2395 all
843 2327 899 2394 the
920 2330 1135 2418 magistrates,
1159 2332 1204 2397 all
1216 2331 1274 2399 the
1296 2333 1495 2418 authorities,

340 2464 376 2506 es
389 2463 438 2508 we
460 2464 529 2528 say,
545 2464 590 2522 or,
614 2465 649 2508 as
663 2442 719 2508 the
734 2440 892 2509 Germane
914 2465 982 2528 say,
1005 2442 1051 2509 all
1064 2442 1120 2510 the
1136 2446 1291 2513 tethrden.
1338 2446 1496 2535 Compare

340 2552 455 2635 Varro,
471 2555 512 2621 L.
524 2556 566 2621 L.
579 2558 610 2619 5.
622 2558 686 2620 80:
712 2554 906 2641 “Incipiam
921 2554 962 2620 ab
976 2559 1087 2621 honore
1099 2556 1238 2644 publico.
1256 2557 1377 2626 Consul
1390 2562 1494 2628 nomi·

338 2671 445 2749 natus,
472 2668 529 2755 qui
554 2668 732 2734 consuleret
754 2669 912 2755 populum
937 2673 971 2735 et
993 2668 1175 2736 senatum.'’
1221 2669 1287 2738 Oio.
1312 2673 1399 2739 Orat.
1430 2673 1493 2761 (ed.

339 2780 455 2849 Lamh.
471 2804 504 2869 p.
517 2782 593 2869 254)
607 2806 615 2849 :
633 2788 727 2849 “non
742 2782 829 2848 euim
844 2783 948 2850 omnis
962 2783 1104 2864 fortuna,
1120 2806 1185 2851 non
1201 2789 1297 2851 omcia
1312 2789 1413 2869 tenea,
1427 2810 1494 2855 non

339 2894 444 2960 omnis
458 2895 640 2976 auctoritas,
663 2917 729 2961 non
749 2896 854 2962 omnis
875 2899 972 2977 aetas,
995 2919 1055 2962 nee
1073 2918 1149 2964 vero
1164 2897 1261 2978 loeus,
1285 2902 1342 2965 aut
1355 2903 1494 2987 tempus,

339 3012 397 3075 eut
411 3008 540 3075 auditor
559 3008 672 3090 omnis,
695 3010 808 3076 eodem
829 3014 888 3076 aut
902 3008 1072 3077 verborum
1093 3007 1212 3098 gehere
1233 3013 1421 3079 tractandus
1436 3018 1494 3096 est,

339 3126 397 3189 aut
411 3121 677 3225 sententiarum.''
722 3122 846 3204 Lucan,
862 3124 893 3188 2.
912 3123 971 3189 18:

728 3323 735 3337 .
770 3322 777 3335 .
811 3322 818 3335 .
856 3284 957 3337 “latuit
967 3285 1064 3350 plebeio
1074 3290 1155 3339 tectus
1165 3285 1260 3339 amictu

597 3379 675 3427 omnir
685 3378 757 3427 hocca
765 3391 777 3435 ,·
787 3376 869 3427 nullos
879 3376 996 3428 comitata
1005 3382 1044 3429 est
1054 3394 1164 3443 purpura
1174 3378 1284 3430 fasees.'’

339 3519 492 3601 Juvenal,
509 3520 538 3585 1.
556 3520 638 3585 108:

792 3668 799 3682 .
833 3669 840 3682 .
874 3667 881 3682 .
916 3631 1181 3697 “egopcssideoplus

598 3721 748 3787 Pallantaet
759 3721 871 3773 Licinis:
889 3727 1034 3787 exspectent
1044 3738 1103 3788 ergo
1113 3722 1209 3775 tribuni
1218 3741 1224 3782 ;

597 3812 699 3863 vincant
710 3811 827 3871 divitiam
845 3830 914 3864 sacro
924 3829 970 3864 nee
981 3814 1052 3864 cedat
1063 3815 1157 3878 tenori,

597 3920 677 3968 nuper
686 3902 714 3955 in
724 3903 789 3955 hunc
800 3905 886 3955 urbem
897 3903 1002 3969 pedibus
1013 3904 1057 3971 qui
1065 3909 1167 3957 venerat
1176 3903 1268 3957 albis.”

338 4055 563 4143 AputFlcrid.
574 4058 605 4120 1.
621 4059 658 4123 1.·
673 4059 692 4091 “
703 4053 754 4121 Ec
768 4054 871 4142 igitur
885 4055 1030 4122 omnium
1045 4061 1135 4123 metu
1149 4057 1381 4138 iaetum,s01us
1390 4057 1492 4127 Alex·

339 4171 440 4235 ander
454 4172 491 4235 ut
504 4167 624 4254 ubique
639 4167 820 4255 imaginum
835 4167 950 4234 similis
964 4173 1063 4249 esset;
1086 4170 1198 4257 utique
1213 4169 1363 4239 omnihus
1377 4173 1493 4241 statuis

338 4286 372 4349 et
386 4279 506 4348 tabulis
527 4285 560 4347 et
574 4281 764 4347 toreumatis
784 4281 871 4346 idem
886 4281 979 4369 vigor
993 4282 1139 4349 acerrimi
1152 4282 1325 4366 bellatoris,
1340 4285 1428 4352 idem
1441 4286 1492 4352 in·

338 4393 473 4481 genium
494 4395 621 4458 macimi
644 4394 775 4471 horroris,
799 4392 911 4459 eedem
937 4393 1042 4461 forma
1061 4394 1174 4462 viridis
1196 4396 1358 4480 iuventae,
1378 4398 1491 4465 eedem

338 4505 445 4592 318118
455 4505 606 4572 relicinae
620 4504 737 4571 frontis
746 4506 954 4572 cerneretur''
970 4507 1089 4592 (where
1100 4508 1323 4577 Hildebrand:
1340 4515 1361 4547 “
1374 4510 1492 4578 ‘honor

336 4617 519 4698 maximm’
543 4640 602 4704 pro
620 4622 737 4683 homine
751 4621 1056 4702 toacm'fieentz'eeimc,
1079 4644 1194 4688 stimmo
1215 4626 1326 4689 tenere
1348 4628 1438 4707 digno
1447 4623 1490 4702 ,·'’

337 4730 403 4796 and
417 4752 468 4796 see
482 4729 638 4797 Amtzen.
655 4732 698 4797 ad
708 4729 796 4796 Plin.
806 4732 924 4815 Paneg.
934 4735 987 4807 19.
1005 4736 1035 4814 8,
1051 4756 1083 4820 p.
1099 4735 1174 4801 227.
1212 4735 1335 4803 Auscn.
1351 4738 1489 4803 Gratim.

336 4842 429 4907 Aetio
447 4841 597 4929 (Amstel.
616 4845 710 4922 1671,
727 4868 757 4930 p.
775 4845 851 4929 703)
864 4867 871 4909 :
897 4844 1122 4913 “Consulatus
1135 4847 1188 4914 hic
1203 4871 1294 4914 meus
1307 4854 1379 4915 crat
1393 4853 1490 4936 atque
