3628 5768
297 623 708 704 575·585sours-rauro1]
780 616 889 684 BOOK
910 624 969 683 IX.
1387 627 1451 690 915

296 794 423 860 oordiae
437 815 503 872 ara,
519 814 601 877 quae
616 792 651 856 iu
667 814 705 855 eo
720 790 782 856 sita
796 790 866 856 looo
880 796 960 869 erat,
979 840 987 855 .
1012 840 1020 855 .
1045 840 1053 856 .
1069 791 1254 877 Polyaenus
1269 791 1453 858 oouoionem

296 912 329 972 et
344 905 496 984 liberam,
505 910 539 969 et
553 904 754 969 moderatam
768 901 917 982 habuit,''
933 902 1041 968 where
1057 907 1142 984 “pro
1157 902 1353 970 Concordiae
1369 904 1452 970 ara''

297 1023 408 1083 means
427 1015 584 1103 standing
603 1037 643 1080 oo
661 1014 718 1083 the
735 1014 830 1093 altar,
846 1037 881 1080 as
901 1013 1013 1081 shown
1027 1013 1073 1100 by
1089 1015 1143 1081 the
1163 1017 1291 1101 sequel:
1316 1016 1403 1083 “Ibi
1417 1017 1453 1082 in

295 1150 387 1194 aram
413 1126 620 1206 Concordiae,
648 1151 689 1193 ex
718 1150 783 1212 qua
804 1126 908 1213 pridie
936 1126 1121 1212 Polyaenus
1146 1126 1352 1194 eoneionatus
1374 1134 1452 1209 erat,

297 1239 474 1307 aseendit.’'
519 1238 622 1305 Taeit.
639 1241 726 1304 Hr‘et.
743 1243 773 1305 1.
790 1243 855 1306 17:
881 1238 1139 1306 “Consultatum
1153 1240 1240 1318 inde,
1255 1252 1317 1323 pro
1331 1242 1452 1321 rostris,

297 1376 340 1419 an
364 1354 401 1418 in
426 1357 551 1431 senatu,
574 1375 617 1417 an
641 1352 676 1417 iu
699 1351 811 1417 eastris
832 1352 964 1436 adoptio
993 1351 1266 1438 nunouparetur,''
1283 1356 1372 1434 from
1396 1353 1452 1418 the

297 1464 412 1538 rostra,
427 1459 583 1545 standing
597 1481 637 1523 oo
650 1458 707 1524 the
721 1464 835 1524 rostra.
880 1461 960 1523 ltin.
978 1461 1009 1523 1.
1023 1461 1087 1523 29:
1105 1464 1125 1497 “
1136 1457 1213 1524 Piso
1222 1481 1283 1541 pro
1298 1461 1453 1547 gradibus

297 1574 413 1638 domus
426 1576 555 1638 voeatos
573 1571 608 1636 in
631 1570 718 1637 hune
739 1571 873 1643 modum
891 1571 1059 1636 adlooutus
1078 1570 1159 1646 eet,”
1175 1572 1345 1637 addressed
1362 1572 1453 1638 them

287 1688 377 1766 from
391 1682 447 1749 the
462 1688 549 1768 steps
563 1683 599 1748 of
613 1682 803 1769 thepalaoe.
849 1684 933 1747 leid.
949 1687 980 1747 3.
999 1686 1040 1757 tl
1050 1707 1060 1746 .·
1077 1688 1097 1718 “
1108 1682 1256 1749 Stantem
1265 1706 1328 1765 pro
1342 1685 1452 1771 gradi·

295 1794 356 1865 bus
373 1794 489 1879 palatii
514 1793 697 1872 Vitellium,
719 1800 753 1860 et
772 1816 880 1879 preoes
901 1798 1082 1879 parantem,
1107 1795 1269 1879 pervioere
1289 1800 1327 1861 ut
1350 1795 1450 1861 absis·

296 1904 414 1984 teret,’'
435 1928 474 1970 oa
489 1905 545 1971 the
559 1910 656 1991 steps,
677 1928 717 1969 oa
736 1909 785 1970 the
804 1912 854 1987 top
869 1908 907 1987 os
915 1904 971 1970 the
991 1909 1087 1990 steps.
1134 1905 1186 1971 Id.
1202 1907 1321 1971 Aeoaal.
1338 1910 1369 1972 2.
1387 1911 1427 1974 81
1439 1932 1451 1972 .·

298 2022 557 2104 “regressusque
585 2015 699 2101 (Piso),
725 2022 758 2083 et
777 2038 837 2099 pro
863 2017 965 2082 muris
990 2018 1087 2082 modo
1115 2006 1216 2084 semet
1246 2018 1452 2100 adfliotando,

297 2131 393 2196 modo
408 2129 553 2217 singulos
574 2129 706 2196 nomine
728 2130 824 2208 siens,
840 2129 992 2214 praemiis
1006 2150 1132 2209 voeans,
1155 2129 1345 2196 seditionem
1360 2153 1452 2216 eoep-

297 2241 424 2320 tabat,''
440 2264 480 2308 oo
494 2241 552 2308 the
566 2241 651 2307 wall.
697 2241 781 2306 Ibid.
800 2243 851 2314 zl.
867 2243 912 2305 30
925 2265 935 2304 :
960 2247 980 2276 “
992 2239 1100 2306 stabat
1114 2263 1175 2322 pro
1196 2241 1307 2308 littore
1326 2241 1453 2308 diversa

297 2353 414 2435 aoiee,'’
430 2354 487 2421 the
501 2355 648 2442 opposite
661 2376 756 2439 army
770 2376 836 2418 was
858 2353 1014 2439 standing
1034 2355 1147 2420 drawn
1161 2376 1207 2439 up
1223 2376 1260 2418 oo
1278 2353 1335 2419 the
1349 2352 1452 2420 shore.

298 2466 378 2533 Sall.
396 2469 472 2549 Jup.
491 2472 556 2535 67.-
581 2473 602 2504 “
612 2467 763 2533 mulieres
784 2466 940 2552 puerique
948 2489 1011 2548 pro
1025 2466 1119 2532 teatio
1134 2466 1353 2532 aedifioiorum
1373 2488 1452 2532 saxa
1528 2552 1533 2563 Ι

298 2586 331 2644 et
345 2579 420 2657 alia,
431 2601 519 2665 ,quae
533 2579 621 2645 loeus
641 2577 826 2665 praebebat,
842 2578 990 2645 oertetim
1005 2577 1170 2644 mittere.''
1201 2577 1259 2643 Sil.
1275 2580 1304 2644 1.
1318 2579 1382 2642 304
1401 2579 1449 2663 (oi

297 2689 482 2776 Hannibal)
498 2714 506 2756 ε

297 2847 299 2853 ·
685 2864 693 2876 .
731 2863 738 2876 .
775 2866 781 2877 .
818 2828 920 2878 “verba
931 2828 1067 2877 ooiueeeer

414 2932 428 2949 ¹
522 2917 615 2967 intorto
626 2918 707 2967 saneit
717 2917 808 2979 iaorrlo,
821 2917 926 2982 figitque
937 2934 982 2981 per
992 2934 1061 2967 arma

523 3015 625 3057 eiusdem
632 3024 680 3069 pro
691 3024 767 3069 muro,
781 3016 806 3056 et
815 3008 975 3057 minitantem
986 3024 1052 3057 vana
1063 3007 1175 3057 Caicum.

523 3092 631 3142 oouoidit
641 3092 723 3142 exacti
735 3092 831 3141 medius
842 3092 991 3155 perviscera
1003 3092 1054 3153 teli,

523 3180 656 3246 effusisque
667 3182 742 3231 simul
753 3191 885 3245 praerupto
897 3199 927 3231 ex
939 3198 1029 3245 aggere
1040 3183 1156 3231 membris

523 3271 612 3323 victori
624 3272 731 3322 moriens
741 3272 891 3336 tepefaotam
902 3274 989 3322 retulit
999 3272 1128 3334 huetam‚”

295 3410 412 3488 where,
435 3432 469 3475 ae
492 3409 611 3495 proved
637 3408 683 3493 by
705 3409 762 3475 the
783 3409 1007 3495 immediately
1029 3407 1224 3495 subsequent
1247 3414 1266 3446 “
1279 3415 1452 3495 praerupto

296 3546 338 3588 ex
358 3520 510 3609 aggere,''
534 3527 621 3603 “pro
643 3521 763 3587 muro''
778 3522 807 3587 ia
827 3543 864 3585 ou
879 3522 934 3587 the
949 3522 1033 3586 wall.
1079 3520 1210 3601 Seneoa,
1231 3524 1340 3586 Troocl.
1365 3526 1451 3599 1094

299 3634 348 3718 (of
362 3634 536 3720 Astyanax
551 3635 706 3720 standing
725 3658 763 3698 oo
786 3634 841 3699 the
855 3640 955 3699 tower
974 3633 1083 3699 before
1105 3632 1146 3699 hs
1160 3633 1274 3719 leaped
1289 3634 1374 3701 from
1388 3635 1450 3721 itt:

683 3843 692 3857 .
728 3846 735 3858 .
771 3845 778 3859 .
815 3812 1055 3859 “uteummartettt

518 3917 566 3962 pro
579 3907 653 3961 terrra,
665 3900 751 3949 vultus
761 3899 810 3948 hue
822 3908 847 3948 et
857 3899 906 3949 hue
918 3915 986 3949 aeres
998 3899 1065 3957 tulit,

522 3989 662 4053 intrepidus
673 3989 783 4039 enimo.’'

296 4119 372 4187 val.
389 4119 497 4187 Flaeo.
517 4124 550 4185 4.
567 4121 648 4184 107:

686 4270 692 4283 .
729 4268 737 4284 .
773 4271 780 4283 .
817 4234 1133 4299 “siorrndiqueinomnee

524 4325 680 4389 prospiciunt
691 4332 841 4389 cursantque
852 4324 915 4386 vias,
928 4325 972 4389 qui
984 4340 1085 4389 eor-pora
1095 4324 1148 4389 regi

523 4422 595 4479 eapte
605 4415 723 4465 trahunt:
742 4430 772 4465 ea
783 4416 900 4478 Neptuno
911 4423 970 4465 trux
980 4414 1033 4479 ipse
1044 4413 1180 4480 [Amycus]
1193 4414 1290 4478 parenti

522 4505 628 4554 saerifioi
636 4522 681 4566 pro
693 4521 754 4568 rupe
765 4504 826 4569 iugi,
840 4505 921 4554 media
931 4520 1037 4568 aequora
1048 4521 1131 4568 supra,

522 4602 622 4659 torquet
633 4594 740 4659 agens,''

295 4733 337 4800 he
351 4732 493 4812 himself,
509 4733 665 4817 Amyous,
681 4733 837 4818 standing
851 4756 890 4796 on
905 4732 961 4798 the
975 4734 1032 4818 top
1047 4732 1083 4795 ol
1097 4731 1153 4797 the
1167 4731 1334 4817 preoipioe,
1354 4732 1452 4820 flings

296 4846 387 4913 them
410 4852 445 4913 to
470 4845 635 4933 Neptune,
659 4851 715 4911 ale.
743 4846 813 4911 into
836 4846 893 4911 the
918 4869 981 4911 see.
1027 4840 1083 4910 An'
1110 4866 1205 4930 array
1227 4842 1263 4909 of
1288 4846 1452 4932 exemplos

1269 4948 1318 4991 er·
